<?xml version="1.0" encoding="UTF-8"?><collection xmlns="http://www.loc.gov/MARC21/slim"><record><leader>00510nam--2200193-i-4500</leader><controlfield tag="001">000049602</controlfield><controlfield tag="002">20161230</controlfield><controlfield tag="005">20161230201047</controlfield><controlfield tag="008">060222s1000------------r-----000-0-rus-d</controlfield><datafield ind1=" " ind2=" " tag="040"><subfield code="a">IFIN-HH</subfield></datafield><datafield ind1=" " ind2=" " tag="041"><subfield code="a">rus</subfield></datafield><datafield ind1=" " ind2=" " tag="080"><subfield code="a">535.14:539.184</subfield></datafield><datafield ind1="1" ind2=" " tag="100"><subfield code="a">Alperin, M.M</subfield></datafield><datafield ind1=" " ind2=" " tag="245"><subfield code="a">Vvedenie v fiziku dvuhurovnevyh sistem</subfield><subfield code="c">M.m. alperin; ia.d. klubis; ,a.i. hizhnia</subfield></datafield><datafield ind1=" " ind2=" " tag="260"><subfield code="a">Kiev</subfield><subfield code="b">Naukova Dumka</subfield><subfield code="c">1987</subfield></datafield><datafield ind1=" " ind2=" " tag="300"><subfield code="a">219 S</subfield></datafield><datafield ind1="1" ind2=" " tag="700"><subfield code="a">Hizhniak, A.I</subfield></datafield><datafield ind1=" " ind2=" " tag="852"><subfield code="a">74691</subfield><subfield code="c">535</subfield></datafield><datafield ind1=" " ind2=" " tag="CAT"><subfield code="a">Sys</subfield><subfield code="c">20101126</subfield><subfield code="h">083631</subfield></datafield></record></collection>